<?xml version="1.0" encoding="UTF-8"?><collection><record><leader>02222ntm a2200409 a 4500</leader><controlfield tag="001">002583091</controlfield><controlfield tag="003">MiAaHDL</controlfield><controlfield tag="005">20190719000000.0</controlfield><controlfield tag="006">m        d        </controlfield><controlfield tag="007">cr bn ---auaua</controlfield><controlfield tag="008">921209s16uu    xx            00||  ara d</controlfield><datafield tag="035" ind1=" " ind2=" "><subfield code="a">(MiU)002583091</subfield></datafield><datafield tag="035" ind1=" " ind2=" "><subfield code="a">sdr-miu002583091</subfield></datafield><datafield tag="035" ind1=" " ind2=" "><subfield code="a">(RLIN)MIUH92-A40</subfield></datafield><datafield tag="040" ind1=" " ind2=" "><subfield code="a">MiU</subfield><subfield code="c">MiU</subfield><subfield code="e">appm</subfield><subfield code="d">MiU</subfield></datafield><datafield tag="100" ind1="1" ind2=" "><subfield code="6">880-01</subfield><subfield code="a">Khalkhālī, Ḥusayn al-Ḥusaynī,</subfield><subfield code="d">-1605.</subfield></datafield><datafield tag="245" ind1="1" ind2="0"><subfield code="6">880-02</subfield><subfield code="a">Risālat al-dāʾirah al-hindīyah :</subfield><subfield code="k">manuscript,</subfield><subfield code="f">[17th century?].</subfield></datafield><datafield tag="300" ind1=" " ind2=" "><subfield code="a">1</subfield><subfield code="f">v. ([10] p. on 3 lvs.) :</subfield><subfield code="b">ill. ;</subfield><subfield code="c">21 cm.</subfield></datafield><datafield tag="500" ind1=" " ind2=" "><subfield code="a">Watermark: Crown surmounted by 6-pointed star and crescent. See Edward Heawood, Watermarks, Mainly of the 17th and 18th Centuries (Hilversum, 1950), no. 1132.</subfield></datafield><datafield tag="500" ind1=" " ind2=" "><subfield code="a">Contains geometrical diagrams.</subfield></datafield><datafield tag="500" ind1=" " ind2=" "><subfield code="a">Text lightly rubricated, has overlining in red; marginal notes and corrections in hand of copyist.</subfield></datafield><datafield tag="500" ind1=" " ind2=" "><subfield code="a">Text (not this copy) published.</subfield></datafield><datafield tag="510" ind1="4" ind2=" "><subfield code="a">GAL,</subfield><subfield code="c">v. II, p. 544; King, Survey, p. 161.</subfield></datafield><datafield tag="520" ind1=" " ind2=" "><subfield code="a">"A treatise on the use of the Indian circle (a geometrical construction for determining the meridian), compiled in 1006 H [1597]." David A. King, A Survey of the Scientific Manuscripts in the Egyptian National Library (Winona Lake, 1986), p. 161.</subfield></datafield><datafield tag="538" ind1=" " ind2=" "><subfield code="a">Mode of access: Internet.</subfield></datafield><datafield tag="541" ind1=" " ind2=" "><subfield code="d">07/--/36</subfield><subfield code="3">Manuscript</subfield><subfield code="a">McGregor Fund</subfield><subfield code="c">Purchase, 1933/34</subfield><subfield code="h">10 p.t.</subfield></datafield><datafield tag="545" ind1=" " ind2=" "><subfield code="a">Iraqī (?) astronomer.</subfield></datafield><datafield tag="561" ind1=" " ind2=" "><subfield code="a">Purchased in Cairo, 1933/34. Owner's mark: inside cover, manuscript notes in handwriting of Max Meyerhof.</subfield></datafield><datafield tag="650" ind1=" " ind2="0"><subfield code="a">Mathematics, Arab</subfield><subfield code="y">Early works to 1800.</subfield></datafield><datafield tag="650" ind1=" " ind2="0"><subfield code="a">Sundials</subfield><subfield code="y">Early works to 1800.</subfield></datafield><datafield tag="650" ind1=" " ind2="0"><subfield code="a">Geometry</subfield><subfield code="y">Early works to 1800.</subfield></datafield><datafield tag="650" ind1=" " ind2="0"><subfield code="a">Qiblah</subfield><subfield code="y">Early works to 1800.</subfield></datafield><datafield tag="650" ind1=" " ind2="0"><subfield code="a">Astronomy, Arab</subfield><subfield code="y">Early works to 1800.</subfield></datafield><datafield tag="650" ind1=" " ind2="0"><subfield code="a">Manuscripts, Arabic</subfield><subfield code="z">Michigan</subfield><subfield code="z">Ann Arbor.</subfield></datafield><datafield tag="700" ind1="1" ind2=" "><subfield code="a">Meyerhof, Max,</subfield><subfield code="d">1874-1945,</subfield><subfield code="e">former owner.</subfield></datafield><datafield tag="773" ind1="0" ind2=" "><subfield code="a">Tracy W. McGregor Collection of Arabic, Persian, and Turkish Mathematical and Astronomical Manuscripts.</subfield><subfield code="7">unbc</subfield><subfield code="w">(CStRLIN)MIUH92-A20.</subfield></datafield><datafield tag="880" ind1="1" ind2="0"><subfield code="6">245-02/</subfield><subfield code="a">رسالة الدائرة الهندية :</subfield><subfield code="k">manuscript،</subfield><subfield code="f">[القرن 17م؟].</subfield></datafield><datafield tag="880" ind1="0" ind2=" "><subfield code="6">100-01/</subfield><subfield code="a">حسين الحسيني الخلخالي.</subfield></datafield><datafield tag="CID" ind1=" " ind2=" "><subfield code="a">002583091</subfield></datafield><datafield tag="DAT" ind1="0" ind2=" "><subfield code="a">20190719102632.0</subfield><subfield code="b">20190719000000.0</subfield></datafield><datafield tag="DAT" ind1="1" ind2=" "><subfield code="a">20190719090653.0</subfield><subfield code="b">2019-07-19T16:10:32Z</subfield></datafield><datafield tag="DAT" ind1="2" ind2=" "><subfield code="a">2015-10-10T18:00:06Z</subfield></datafield><datafield tag="CAT" ind1=" " ind2=" "><subfield code="a">SDR-MIU</subfield><subfield code="d">EX LIBRIS - ALEPH</subfield><subfield code="l">prepare.pl-004-008</subfield></datafield><datafield tag="FMT" ind1=" " ind2=" "><subfield code="a">BK</subfield></datafield><datafield tag="HOL" ind1=" " ind2=" "><subfield code="0">sdr-miu002583091</subfield><subfield code="a">MiU</subfield><subfield code="b">SDR</subfield><subfield code="c">MIU</subfield><subfield code="p">mdp.39015081446836</subfield><subfield code="s">MIU</subfield><subfield code="1">002583091</subfield></datafield><datafield tag="974" ind1=" " ind2=" "><subfield code="b">MIU</subfield><subfield code="c">MIU</subfield><subfield code="d">20190719</subfield><subfield code="s">lit-dlps-dc</subfield><subfield code="u">mdp.39015081446836</subfield><subfield code="y">1699</subfield><subfield code="r">pd</subfield><subfield code="q">bib</subfield><subfield code="t">non-US bib date1 &lt; 1879</subfield></datafield></record></collection>